%YAML 1.1
%TAG !u! tag:unity3d.com,2011:
--- !u!1 &3410912199026056511
GameObject:
  m_ObjectHideFlags: 0
  m_CorrespondingSourceObject: {fileID: 0}
  m_PrefabInstance: {fileID: 0}
  m_PrefabAsset: {fileID: 0}
  serializedVersion: 6
  m_Component:
  - component: {fileID: 3410912199026056480}
  - component: {fileID: 3410912199026056481}
  - component: {fileID: 3410912199026056510}
  - component: {fileID: 706482767}
  m_Layer: 0
  m_Name: HammerheadEnemy
  m_TagString: Untagged
  m_Icon: {fileID: 0}
  m_NavMeshLayer: 0
  m_StaticEditorFlags: 0
  m_IsActive: 1
--- !u!4 &3410912199026056480
Transform:
  m_ObjectHideFlags: 0
  m_CorrespondingSourceObject: {fileID: 0}
  m_PrefabInstance: {fileID: 0}
  m_PrefabAsset: {fileID: 0}
  m_GameObject: {fileID: 3410912199026056511}
  m_LocalRotation: {x: 0, y: 0, z: 0, w: 1}
  m_LocalPosition: {x: 0, y: 0, z: 0}
  m_LocalScale: {x: 1, y: 1, z: 1}
  m_Children:
  - {fileID: 1204220381256176889}
  m_Father: {fileID: 0}
  m_RootOrder: 0
  m_LocalEulerAnglesHint: {x: 0, y: 0, z: 0}
--- !u!136 &3410912199026056481
CapsuleCollider:
  m_ObjectHideFlags: 0
  m_CorrespondingSourceObject: {fileID: 0}
  m_PrefabInstance: {fileID: 0}
  m_PrefabAsset: {fileID: 0}
  m_GameObject: {fileID: 3410912199026056511}
  m_Material: {fileID: 0}
  m_IsTrigger: 0
  m_Enabled: 1
  m_Radius: 0.4
  m_Height: 5.4
  m_Direction: 2
  m_Center: {x: 0, y: 0, z: -0.26}
--- !u!136 &3410912199026056510
CapsuleCollider:
  m_ObjectHideFlags: 0
  m_CorrespondingSourceObject: {fileID: 0}
  m_PrefabInstance: {fileID: 0}
  m_PrefabAsset: {fileID: 0}
  m_GameObject: {fileID: 3410912199026056511}
  m_Material: {fileID: 0}
  m_IsTrigger: 1
  m_Enabled: 1
  m_Radius: 0.5
  m_Height: 5.5
  m_Direction: 2
  m_Center: {x: 0, y: 0, z: -0.26}
--- !u!114 &706482767
MonoBehaviour:
  m_ObjectHideFlags: 0
  m_CorrespondingSourceObject: {fileID: 0}
  m_PrefabInstance: {fileID: 0}
  m_PrefabAsset: {fileID: 0}
  m_GameObject: {fileID: 3410912199026056511}
  m_Enabled: 1
  m_EditorHideFlags: 0
  m_Script: {fileID: 11500000, guid: 9435e49b88d545379c3ea951848aed81, type: 3}
  m_Name: 
  m_EditorClassIdentifier: 
  pointSpawnChance: 0.5
  pointPickupPrefab: {fileID: 8629634120362312351, guid: e26b726a96dc713428a2c2e1d0ec885e, type: 3}
  alwaysDealsDamage: 1
  graphicsObject: {fileID: 2804926552378812138}
  checkpoints:
  - {x: 0, y: 0, z: 0}
  - {x: 0, y: 0, z: 4.44}
  - {x: 0, y: -4.26, z: 4.44}
  - {x: 0, y: -4.26, z: 0}
  speed: 2.5
  turnSmoothTime: 0.1
--- !u!1001 &3410912198779229394
PrefabInstance:
  m_ObjectHideFlags: 0
  serializedVersion: 2
  m_Modification:
    m_TransformParent: {fileID: 3410912199026056480}
    m_Modifications:
    - target: {fileID: 700564021967974968, guid: a66c90ec50a95304c91bd7b6ab82fc4a, type: 3}
      propertyPath: m_Name
      value: Hammerhead
      objectReference: {fileID: 0}
    - target: {fileID: 4603732824687050795, guid: a66c90ec50a95304c91bd7b6ab82fc4a, type: 3}
      propertyPath: m_RootOrder
      value: 0
      objectReference: {fileID: 0}
    - target: {fileID: 4603732824687050795, guid: a66c90ec50a95304c91bd7b6ab82fc4a, type: 3}
      propertyPath: m_LocalScale.x
      value: 0.71301997
      objectReference: {fileID: 0}
    - target: {fileID: 4603732824687050795, guid: a66c90ec50a95304c91bd7b6ab82fc4a, type: 3}
      propertyPath: m_LocalScale.y
      value: 0.71301997
      objectReference: {fileID: 0}
    - target: {fileID: 4603732824687050795, guid: a66c90ec50a95304c91bd7b6ab82fc4a, type: 3}
      propertyPath: m_LocalScale.z
      value: 0.71301997
      objectReference: {fileID: 0}
    - target: {fileID: 4603732824687050795, guid: a66c90ec50a95304c91bd7b6ab82fc4a, type: 3}
      propertyPath: m_LocalPosition.x
      value: -0.12833
      objectReference: {fileID: 0}
    - target: {fileID: 4603732824687050795, guid: a66c90ec50a95304c91bd7b6ab82fc4a, type: 3}
      propertyPath: m_LocalPosition.y
      value: 0.00069213
      objectReference: {fileID: 0}
    - target: {fileID: 4603732824687050795, guid: a66c90ec50a95304c91bd7b6ab82fc4a, type: 3}
      propertyPath: m_LocalPosition.z
      value: -0.23806
      objectReference: {fileID: 0}
    - target: {fileID: 4603732824687050795, guid: a66c90ec50a95304c91bd7b6ab82fc4a, type: 3}
      propertyPath: m_LocalRotation.w
      value: 1
      objectReference: {fileID: 0}
    - target: {fileID: 4603732824687050795, guid: a66c90ec50a95304c91bd7b6ab82fc4a, type: 3}
      propertyPath: m_LocalRotation.x
      value: 0
      objectReference: {fileID: 0}
    - target: {fileID: 4603732824687050795, guid: a66c90ec50a95304c91bd7b6ab82fc4a, type: 3}
      propertyPath: m_LocalRotation.y
      value: 0
      objectReference: {fileID: 0}
    - target: {fileID: 4603732824687050795, guid: a66c90ec50a95304c91bd7b6ab82fc4a, type: 3}
      propertyPath: m_LocalRotation.z
      value: 0
      objectReference: {fileID: 0}
    - target: {fileID: 4603732824687050795, guid: a66c90ec50a95304c91bd7b6ab82fc4a, type: 3}
      propertyPath: m_LocalEulerAnglesHint.x
      value: 0
      objectReference: {fileID: 0}
    - target: {fileID: 4603732824687050795, guid: a66c90ec50a95304c91bd7b6ab82fc4a, type: 3}
      propertyPath: m_LocalEulerAnglesHint.y
      value: 0
      objectReference: {fileID: 0}
    - target: {fileID: 4603732824687050795, guid: a66c90ec50a95304c91bd7b6ab82fc4a, type: 3}
      propertyPath: m_LocalEulerAnglesHint.z
      value: 0
      objectReference: {fileID: 0}
    m_RemovedComponents:
    - {fileID: 5920861810304584998, guid: a66c90ec50a95304c91bd7b6ab82fc4a, type: 3}
  m_SourcePrefab: {fileID: 100100000, guid: a66c90ec50a95304c91bd7b6ab82fc4a, type: 3}
--- !u!1 &2804926552378812138 stripped
GameObject:
  m_CorrespondingSourceObject: {fileID: 700564021967974968, guid: a66c90ec50a95304c91bd7b6ab82fc4a, type: 3}
  m_PrefabInstance: {fileID: 3410912198779229394}
  m_PrefabAsset: {fileID: 0}
--- !u!4 &1204220381256176889 stripped
Transform:
  m_CorrespondingSourceObject: {fileID: 4603732824687050795, guid: a66c90ec50a95304c91bd7b6ab82fc4a, type: 3}
  m_PrefabInstance: {fileID: 3410912198779229394}
  m_PrefabAsset: {fileID: 0}
