%YAML 1.1
%TAG !u! tag:unity3d.com,2011:
--- !u!1 &1162724205766983871
GameObject:
  m_ObjectHideFlags: 0
  m_CorrespondingSourceObject: {fileID: 0}
  m_PrefabInstance: {fileID: 0}
  m_PrefabAsset: {fileID: 0}
  serializedVersion: 6
  m_Component:
  - component: {fileID: 1162724205766983865}
  - component: {fileID: 1162724205766983864}
  - component: {fileID: 399633893107053229}
  - component: {fileID: 7440352604736238630}
  m_Layer: 0
  m_Name: OctopusEnemy
  m_TagString: Untagged
  m_Icon: {fileID: 0}
  m_NavMeshLayer: 0
  m_StaticEditorFlags: 0
  m_IsActive: 1
--- !u!4 &1162724205766983865
Transform:
  m_ObjectHideFlags: 0
  m_CorrespondingSourceObject: {fileID: 0}
  m_PrefabInstance: {fileID: 0}
  m_PrefabAsset: {fileID: 0}
  m_GameObject: {fileID: 1162724205766983871}
  m_LocalRotation: {x: 0, y: 0, z: 0, w: 1}
  m_LocalPosition: {x: 0, y: 0, z: 0}
  m_LocalScale: {x: 1, y: 1, z: 1}
  m_Children:
  - {fileID: 8270208476900574527}
  m_Father: {fileID: 0}
  m_RootOrder: 0
  m_LocalEulerAnglesHint: {x: 0, y: 0, z: 0}
--- !u!114 &1162724205766983864
MonoBehaviour:
  m_ObjectHideFlags: 0
  m_CorrespondingSourceObject: {fileID: 0}
  m_PrefabInstance: {fileID: 0}
  m_PrefabAsset: {fileID: 0}
  m_GameObject: {fileID: 1162724205766983871}
  m_Enabled: 1
  m_EditorHideFlags: 0
  m_Script: {fileID: 11500000, guid: 9435e49b88d545379c3ea951848aed81, type: 3}
  m_Name: 
  m_EditorClassIdentifier: 
  pointSpawnChance: 0.1
  pointPickupPrefab: {fileID: 8629634120362312351, guid: e26b726a96dc713428a2c2e1d0ec885e, type: 3}
  alwaysDealsDamage: 0
  checkpoints:
  - {x: 0, y: 0, z: 0}
  - {x: 0, y: -5.21, z: 0}
  speed: 1
  turnSmoothTime: 0.1
--- !u!136 &399633893107053229
CapsuleCollider:
  m_ObjectHideFlags: 0
  m_CorrespondingSourceObject: {fileID: 0}
  m_PrefabInstance: {fileID: 0}
  m_PrefabAsset: {fileID: 0}
  m_GameObject: {fileID: 1162724205766983871}
  m_Material: {fileID: 0}
  m_IsTrigger: 0
  m_Enabled: 1
  m_Radius: 0.25
  m_Height: 1.31
  m_Direction: 1
  m_Center: {x: 0, y: 0.31, z: 0}
--- !u!136 &7440352604736238630
CapsuleCollider:
  m_ObjectHideFlags: 0
  m_CorrespondingSourceObject: {fileID: 0}
  m_PrefabInstance: {fileID: 0}
  m_PrefabAsset: {fileID: 0}
  m_GameObject: {fileID: 1162724205766983871}
  m_Material: {fileID: 0}
  m_IsTrigger: 1
  m_Enabled: 1
  m_Radius: 0.28
  m_Height: 1.37
  m_Direction: 1
  m_Center: {x: 0, y: 0.31, z: 0}
--- !u!1001 &1162724206114619246
PrefabInstance:
  m_ObjectHideFlags: 0
  serializedVersion: 2
  m_Modification:
    m_TransformParent: {fileID: 1162724205766983865}
    m_Modifications:
    - target: {fileID: 6105795410577983554, guid: 0cf143466781165409d2d8898b46f586, type: 3}
      propertyPath: m_Name
      value: Octopus
      objectReference: {fileID: 0}
    - target: {fileID: 7126802698982193745, guid: 0cf143466781165409d2d8898b46f586, type: 3}
      propertyPath: m_RootOrder
      value: 0
      objectReference: {fileID: 0}
    - target: {fileID: 7126802698982193745, guid: 0cf143466781165409d2d8898b46f586, type: 3}
      propertyPath: m_LocalScale.x
      value: 0.3932391
      objectReference: {fileID: 0}
    - target: {fileID: 7126802698982193745, guid: 0cf143466781165409d2d8898b46f586, type: 3}
      propertyPath: m_LocalScale.y
      value: 0.3932391
      objectReference: {fileID: 0}
    - target: {fileID: 7126802698982193745, guid: 0cf143466781165409d2d8898b46f586, type: 3}
      propertyPath: m_LocalScale.z
      value: 0.3932391
      objectReference: {fileID: 0}
    - target: {fileID: 7126802698982193745, guid: 0cf143466781165409d2d8898b46f586, type: 3}
      propertyPath: m_LocalPosition.x
      value: 0
      objectReference: {fileID: 0}
    - target: {fileID: 7126802698982193745, guid: 0cf143466781165409d2d8898b46f586, type: 3}
      propertyPath: m_LocalPosition.y
      value: 0
      objectReference: {fileID: 0}
    - target: {fileID: 7126802698982193745, guid: 0cf143466781165409d2d8898b46f586, type: 3}
      propertyPath: m_LocalPosition.z
      value: 0
      objectReference: {fileID: 0}
    - target: {fileID: 7126802698982193745, guid: 0cf143466781165409d2d8898b46f586, type: 3}
      propertyPath: m_LocalRotation.w
      value: 1
      objectReference: {fileID: 0}
    - target: {fileID: 7126802698982193745, guid: 0cf143466781165409d2d8898b46f586, type: 3}
      propertyPath: m_LocalRotation.x
      value: 0
      objectReference: {fileID: 0}
    - target: {fileID: 7126802698982193745, guid: 0cf143466781165409d2d8898b46f586, type: 3}
      propertyPath: m_LocalRotation.y
      value: 0
      objectReference: {fileID: 0}
    - target: {fileID: 7126802698982193745, guid: 0cf143466781165409d2d8898b46f586, type: 3}
      propertyPath: m_LocalRotation.z
      value: 0
      objectReference: {fileID: 0}
    - target: {fileID: 7126802698982193745, guid: 0cf143466781165409d2d8898b46f586, type: 3}
      propertyPath: m_LocalEulerAnglesHint.x
      value: 0
      objectReference: {fileID: 0}
    - target: {fileID: 7126802698982193745, guid: 0cf143466781165409d2d8898b46f586, type: 3}
      propertyPath: m_LocalEulerAnglesHint.y
      value: 0
      objectReference: {fileID: 0}
    - target: {fileID: 7126802698982193745, guid: 0cf143466781165409d2d8898b46f586, type: 3}
      propertyPath: m_LocalEulerAnglesHint.z
      value: 0
      objectReference: {fileID: 0}
    m_RemovedComponents:
    - {fileID: 5344666742828588277, guid: 0cf143466781165409d2d8898b46f586, type: 3}
  m_SourcePrefab: {fileID: 100100000, guid: 0cf143466781165409d2d8898b46f586, type: 3}
--- !u!4 &8270208476900574527 stripped
Transform:
  m_CorrespondingSourceObject: {fileID: 7126802698982193745, guid: 0cf143466781165409d2d8898b46f586, type: 3}
  m_PrefabInstance: {fileID: 1162724206114619246}
  m_PrefabAsset: {fileID: 0}
