%YAML 1.1
%TAG !u! tag:unity3d.com,2011:
--- !u!1 &4334278745286898710
GameObject:
  m_ObjectHideFlags: 0
  m_CorrespondingSourceObject: {fileID: 0}
  m_PrefabInstance: {fileID: 0}
  m_PrefabAsset: {fileID: 0}
  serializedVersion: 6
  m_Component:
  - component: {fileID: 5107166820459333404}
  - component: {fileID: 6784589586150045392}
  - component: {fileID: 2646271012244871648}
  m_Layer: 0
  m_Name: EndLevelTrigger
  m_TagString: Untagged
  m_Icon: {fileID: 0}
  m_NavMeshLayer: 0
  m_StaticEditorFlags: 0
  m_IsActive: 1
--- !u!4 &5107166820459333404
Transform:
  m_ObjectHideFlags: 0
  m_CorrespondingSourceObject: {fileID: 0}
  m_PrefabInstance: {fileID: 0}
  m_PrefabAsset: {fileID: 0}
  m_GameObject: {fileID: 4334278745286898710}
  m_LocalRotation: {x: 0, y: 0, z: 0, w: 1}
  m_LocalPosition: {x: 0, y: 0, z: 0}
  m_LocalScale: {x: 1, y: 1, z: 1}
  m_Children:
  - {fileID: 1970312150666468794}
  - {fileID: 1457914165131402329}
  m_Father: {fileID: 0}
  m_RootOrder: 0
  m_LocalEulerAnglesHint: {x: 0, y: 0, z: 0}
--- !u!135 &6784589586150045392
SphereCollider:
  m_ObjectHideFlags: 0
  m_CorrespondingSourceObject: {fileID: 0}
  m_PrefabInstance: {fileID: 0}
  m_PrefabAsset: {fileID: 0}
  m_GameObject: {fileID: 4334278745286898710}
  m_Material: {fileID: 0}
  m_IsTrigger: 1
  m_Enabled: 1
  serializedVersion: 2
  m_Radius: 0.3594147
  m_Center: {x: 0, y: 0.6305853, z: 0}
--- !u!114 &2646271012244871648
MonoBehaviour:
  m_ObjectHideFlags: 0
  m_CorrespondingSourceObject: {fileID: 0}
  m_PrefabInstance: {fileID: 0}
  m_PrefabAsset: {fileID: 0}
  m_GameObject: {fileID: 4334278745286898710}
  m_Enabled: 1
  m_EditorHideFlags: 0
  m_Script: {fileID: 11500000, guid: d094ad0d44e67ad49a62c362c8b5956c, type: 3}
  m_Name: 
  m_EditorClassIdentifier: 
--- !u!1001 &2079903313689655889
PrefabInstance:
  m_ObjectHideFlags: 0
  serializedVersion: 2
  m_Modification:
    m_TransformParent: {fileID: 5107166820459333404}
    m_Modifications:
    - target: {fileID: -8679921383154817045, guid: 99f9bdd843097284b921bc4e284b2a0d, type: 3}
      propertyPath: m_RootOrder
      value: 0
      objectReference: {fileID: 0}
    - target: {fileID: -8679921383154817045, guid: 99f9bdd843097284b921bc4e284b2a0d, type: 3}
      propertyPath: m_LocalPosition.x
      value: -0
      objectReference: {fileID: 0}
    - target: {fileID: -8679921383154817045, guid: 99f9bdd843097284b921bc4e284b2a0d, type: 3}
      propertyPath: m_LocalPosition.y
      value: 0
      objectReference: {fileID: 0}
    - target: {fileID: -8679921383154817045, guid: 99f9bdd843097284b921bc4e284b2a0d, type: 3}
      propertyPath: m_LocalPosition.z
      value: 0
      objectReference: {fileID: 0}
    - target: {fileID: -8679921383154817045, guid: 99f9bdd843097284b921bc4e284b2a0d, type: 3}
      propertyPath: m_LocalRotation.w
      value: 1
      objectReference: {fileID: 0}
    - target: {fileID: -8679921383154817045, guid: 99f9bdd843097284b921bc4e284b2a0d, type: 3}
      propertyPath: m_LocalRotation.x
      value: 0
      objectReference: {fileID: 0}
    - target: {fileID: -8679921383154817045, guid: 99f9bdd843097284b921bc4e284b2a0d, type: 3}
      propertyPath: m_LocalRotation.y
      value: 0
      objectReference: {fileID: 0}
    - target: {fileID: -8679921383154817045, guid: 99f9bdd843097284b921bc4e284b2a0d, type: 3}
      propertyPath: m_LocalRotation.z
      value: 0
      objectReference: {fileID: 0}
    - target: {fileID: -8679921383154817045, guid: 99f9bdd843097284b921bc4e284b2a0d, type: 3}
      propertyPath: m_LocalEulerAnglesHint.x
      value: 0
      objectReference: {fileID: 0}
    - target: {fileID: -8679921383154817045, guid: 99f9bdd843097284b921bc4e284b2a0d, type: 3}
      propertyPath: m_LocalEulerAnglesHint.y
      value: 0
      objectReference: {fileID: 0}
    - target: {fileID: -8679921383154817045, guid: 99f9bdd843097284b921bc4e284b2a0d, type: 3}
      propertyPath: m_LocalEulerAnglesHint.z
      value: 0
      objectReference: {fileID: 0}
    - target: {fileID: -7511558181221131132, guid: 99f9bdd843097284b921bc4e284b2a0d, type: 3}
      propertyPath: m_CastShadows
      value: 0
      objectReference: {fileID: 0}
    - target: {fileID: -7511558181221131132, guid: 99f9bdd843097284b921bc4e284b2a0d, type: 3}
      propertyPath: m_Materials.Array.data[0]
      value: 
      objectReference: {fileID: 2100000, guid: d4bbd84f2af8559458ef3bcb949301df, type: 2}
    - target: {fileID: 919132149155446097, guid: 99f9bdd843097284b921bc4e284b2a0d, type: 3}
      propertyPath: m_Name
      value: EndLevelTriggerSideFaces
      objectReference: {fileID: 0}
    m_RemovedComponents: []
  m_SourcePrefab: {fileID: 100100000, guid: 99f9bdd843097284b921bc4e284b2a0d, type: 3}
--- !u!4 &1970312150666468794 stripped
Transform:
  m_CorrespondingSourceObject: {fileID: -8679921383154817045, guid: 99f9bdd843097284b921bc4e284b2a0d, type: 3}
  m_PrefabInstance: {fileID: 2079903313689655889}
  m_PrefabAsset: {fileID: 0}
--- !u!1001 &8985060991215088190
PrefabInstance:
  m_ObjectHideFlags: 0
  serializedVersion: 2
  m_Modification:
    m_TransformParent: {fileID: 5107166820459333404}
    m_Modifications:
    - target: {fileID: 7188031721017881821, guid: 65d7b0440bec7ab45a99fd3a701da169, type: 3}
      propertyPath: m_Name
      value: DNA
      objectReference: {fileID: 0}
    - target: {fileID: 7533066872811613799, guid: 65d7b0440bec7ab45a99fd3a701da169, type: 3}
      propertyPath: m_RootOrder
      value: 1
      objectReference: {fileID: 0}
    - target: {fileID: 7533066872811613799, guid: 65d7b0440bec7ab45a99fd3a701da169, type: 3}
      propertyPath: m_LocalPosition.x
      value: 0
      objectReference: {fileID: 0}
    - target: {fileID: 7533066872811613799, guid: 65d7b0440bec7ab45a99fd3a701da169, type: 3}
      propertyPath: m_LocalPosition.y
      value: 0.62
      objectReference: {fileID: 0}
    - target: {fileID: 7533066872811613799, guid: 65d7b0440bec7ab45a99fd3a701da169, type: 3}
      propertyPath: m_LocalPosition.z
      value: 0
      objectReference: {fileID: 0}
    - target: {fileID: 7533066872811613799, guid: 65d7b0440bec7ab45a99fd3a701da169, type: 3}
      propertyPath: m_LocalRotation.w
      value: 0.9686468
      objectReference: {fileID: 0}
    - target: {fileID: 7533066872811613799, guid: 65d7b0440bec7ab45a99fd3a701da169, type: 3}
      propertyPath: m_LocalRotation.x
      value: 0.19550644
      objectReference: {fileID: 0}
    - target: {fileID: 7533066872811613799, guid: 65d7b0440bec7ab45a99fd3a701da169, type: 3}
      propertyPath: m_LocalRotation.y
      value: 0.030329486
      objectReference: {fileID: 0}
    - target: {fileID: 7533066872811613799, guid: 65d7b0440bec7ab45a99fd3a701da169, type: 3}
      propertyPath: m_LocalRotation.z
      value: 0.150269
      objectReference: {fileID: 0}
    - target: {fileID: 7533066872811613799, guid: 65d7b0440bec7ab45a99fd3a701da169, type: 3}
      propertyPath: m_LocalEulerAnglesHint.x
      value: 21.693
      objectReference: {fileID: 0}
    - target: {fileID: 7533066872811613799, guid: 65d7b0440bec7ab45a99fd3a701da169, type: 3}
      propertyPath: m_LocalEulerAnglesHint.y
      value: 7.266
      objectReference: {fileID: 0}
    - target: {fileID: 7533066872811613799, guid: 65d7b0440bec7ab45a99fd3a701da169, type: 3}
      propertyPath: m_LocalEulerAnglesHint.z
      value: 19.03
      objectReference: {fileID: 0}
    m_RemovedComponents: []
  m_SourcePrefab: {fileID: 100100000, guid: 65d7b0440bec7ab45a99fd3a701da169, type: 3}
--- !u!4 &1457914165131402329 stripped
Transform:
  m_CorrespondingSourceObject: {fileID: 7533066872811613799, guid: 65d7b0440bec7ab45a99fd3a701da169, type: 3}
  m_PrefabInstance: {fileID: 8985060991215088190}
  m_PrefabAsset: {fileID: 0}
